@article{enart,
    author = {Cole, T. W. and Han, M.-J. and Weathers, W. F. and Joyner, E},
    year = {1992},
    title = {Library marc records into linked open data: Challenges and opportunities},
    journal = {Journal of Library Metadata},
    volume = {13},
    number = {2-3},
    pages = {163-196},
    note = {https://doi.org/10.1080/19386389.20                  %13.826074},
}

@article{zrt,
    author = {林菁},
    year = {2018},
    title = {國小探究式資訊素養融入課程之研究：理論與實踐},
    journal = {教育資料與圖書館學},
    volume = {55},
    number = {2},
    pages = {103-137},
  
}

@article{zhartoyear,
    author = {陳亞寧 and 温達茂},
    year = {出版中},
    title = {MARC21 鏈結資料化的轉變與應用},
    journal = {教育資料與圖書館學},
 
}

@article{enrt2,
    author = {Milliot, J},
    year = {in press},
    title = {Publishers, printers meet to talk shop},
    journal = {Publishers Weekly},
    volume = {267},
    number = {7},
    pages = {10},
}

@article{zhrt2,
    author = {邱炯友},
    year = {出版中},
    title = {大學出版社與大學圖書館之開放取用(Open Access)政策合作與分享},
    journal = {台灣出版與閲讀},
    volume = {5},
    pages = {4-7},
}

@article{enart3,
    author = {MacDonald, S},
    year = {2020},
    title = {Ex-Ibrox chief’s huge library heads to home of golf},
    journal = {The Times},
    pages = {18},
}

@article{zhart3,
    author = {何定照},
    year = {2019},
    title = {出版免營業税案 文化部：正面發展},
    journal = {The Times},
    pages = {18},
}

@book{rbe1,
    author = {Manguel, A},
    title = {The library at night},
    publisher = {Yale University Press},
    year = {2009},
}

@book{rbe2,
    author = {Manguel, A},
    title = {The library at night},
    publisher = {Yale University Press},
    year = {2009},
    volume = {13},
    address = {New Haven, CT},
    series = {open data},
}

@book{rbz1,
    author = {邱炯友 and 林瑺慧},
    title = {學術期刊羅馬化：APA、Chicago（Turabian）與羅馬化引文格式規範},
    publisher = {淡江大學出版中心},
    year = {2014},
}

@book{rbz2,
    author = {邱炯友 and 林瑺慧},
    title = {學術期刊羅馬化：APA、Chicago（Turabian）與羅馬化引文格式規範},
    publisher = {淡江大學出版中心},
    year = {2014},
    volume = {13},
    address = {中國台灣},
    series = {開源數據},
}
 
@incollection{ric1,
    author = {Manguel, A},
    title = {The library at night},
    booktitle = {booktitle name here},
    publisher = {Yale University Press},
    year = {2009},
}

@incollection{ric2,
    author = {Manguel, A},
    title = {The library at night},
    booktitle = {booktitle name here},
    publisher = {Yale University Press},
    year = {2009},
    editor = {editora and tdie},
    volume = {13},
    series = {open data},
    chapter = {chapter name hter},
    edition = {2th},
    address = {uth ut},
}

@incollection{ric3,
    author = {邱炯友 and 林瑺慧},
    title = {學術期刊羅馬化：APA、Chicago（Turabian）與羅馬化引文格式規範},
    booktitle = {章節標題題目},
    publisher = {淡江大學出版中心},
    year = {2014},
}

@incollection{ric4,
    author = {邱炯友 and 林瑺慧},
    title = {學術期刊羅馬化：APA、Chicago（Turabian）與羅馬化引文格式規範},
    booktitle = {書名在這},
    publisher = {淡江大學出版中心},
    year = {2014},
    pages = {3},
    volume = {13},
    series = {開源數據集系列},
    editor = {林瑺慧},
}

@book{enbookdtion,
    author = {Bordwell, D. and Thompson, K},
    title = {Film art: An introduction},
    publisher = {McGraw-Hill Education},
    year = {2013},
    edition = {10th ed., International ed},
}

@book{zhookedtion,
    author = {王震武 and 林文瑛 and 林烘煜 and 張鬱雯 and 陳學志},
    title = {心理學},
    publisher = {學富文化},
    year = {2004},
    edition = {修訂版},
}

@book{enboout,
    author = {Harvey, S. and Goudvis, A},
    title = {Strategies that work: Teaching comprehension for understanding and engagement},
    publisher = {Stenhouse Publishers; Pembroke Publishers},
    year = {2007},
    edition = {2nd},
}

@book{zhbookmut,
    author = {文藻外語學院．圖書館團隊},
    title = {圖書館服務英文},
    publisher = {文藻外語學院；Airiti Press},
    year = {2009},
}

@book{enbooktra,
    author = {Bourdieu, P},
    title = {Homo academicus},
    publisher = {Stanford University Press.(Original work published 1968},
    year = {1990},
    edition = {P. Collier, Trans},
}

@book{zhbookra,
    author = {Luey, B},
    title = {學術寫作與出版：從期刊文章、專書、教科書到大眾書},
    publisher = {群學。（原著出版於2009 年},
    year = {2013},
    edition = {陳玉苹譯},
}

@incollection{enookchapter,
    author = {Villazón-Terrazas and Vilches-Blázquez, L. M. and Corcho, O. and Gómez-Pérez},
    title = {Methodological guidelines for publishing government linked data},
    booktitle = {Linking government data},
    publisher = {Springer},
    year = {2011},
    editor = {D. Wood},
    pages = {27-49},
}

@incollection{zhbookchapter,
    author = {邱子恒},
    title = {電 網路資源描述與詮釋資料概論},
    booktitle = {資訊組織},
    publisher = {Airiti Press},
    year = {2017},
    editor = {張慧銖},
    pages = {173-200},
}

@techreport{techreport1,
    author = {Johnson, R. and Watkinson, A and Mabe, M},
    title = {The STM report: An overview of scientific and scholarly publishing},
    institution = {International Association of Scientific, Technical and Medical Publishers},
    year = {2018},
}

@techreport{techreport2,
    author = {林雯瑤},
    title = {學術傳播速度與學術期刊創新機制之關聯性研究},
    institution = {淡江大學資訊與圖書館學系},
    year = {2018},
}

@conference{conference,
    author = {Poff, D. C},
    year = {2019, May 4-7},
    title = {~},
    series = {Diversity/inclusion in research and publication ethics},
    booktitle = {2019 CSE Annual Meeting},
    address = {Columbus, OH, United States},
    pages = {3-33},
}


@conference{zhroceedings2,
    author = {温達茂},
    year = {2015-12-26},
    title = {圖資開放鏈結系統與應用初探},
    series= {圖書資訊學的傳承與創新:教資/資圖45 週年系慶學術研討會},
    booktitle = {Session I 圖資系統的應用發展},
    address = {新北市，台灣},
    editor = {黃鴻珠},
    pages = {研究讨会演讲},
}

@phdthesis{entesis,
    author = {Abdoh, E},
    title = {Implications of social networks on medication information-Seeking among middle eastern international students: An exploratory Study},
    year = {2019},
    school = {University of South Carolina},
}

@mastersthesis{zhthesis,
    author = {林瑺慧},
    title = {台灣學術期刊引用文獻羅馬化現況研究：以TSSCI、THCI Core、A\&HCI、SSCI 及Scopus 收錄期刊為例},
    school = {淡江大學資訊與圖書館學系},
    year = {2014},
}
